@inproceedings{jaderberg2015spatial,
  title={Spatial transformer networks},
  author={Jaderberg, Max and Simonyan, Karen and Zisserman, Andrew and Kavukcuoglu, Koray},
  booktitle={Advances in Neural Information Processing Systems},
  year={2015}
}
@inproceedings{hinton1981parallel,
  title={A parallel computation that assigns canonical object-based frames of reference},
  author={Hinton, Geoffrey F},
  booktitle={Proceedings of the 7th international joint conference on Artificial intelligence-Volume 2},
  pages={683--685},
  year={1981},
  organization={Morgan Kaufmann Publishers Inc.}
}
@inproceedings{hinton2011transforming,
  title={Transforming auto-encoders},
  author={Hinton, Geoffrey E and Krizhevsky, Alex and Wang, Sida D},
  booktitle={International Conference on Artificial Neural Networks},
  pages={44--51},
  year={2011},
  organization={Springer}
}
@phdthesis{tieleman2014optimizing,
  title={Optimizing neural networks that generate images},
  author={Tieleman, Tijmen},
  year={2014},
  school={University of Toronto (Canada)}
}
@article{bruna2013invariant,
  title={Invariant scattering convolution networks},
  author={Bruna, Joan and Mallat, St{\'e}phane},
  journal={IEEE transactions on pattern analysis and machine intelligence},
  volume={35},
  number={8},
  pages={1872--1886},
  year={2013},
  publisher={IEEE}
}
@article{cohen2014transformation,
  title={Transformation properties of learned visual representations},
  author={Cohen, Taco S and Welling, Max},
  journal={arXiv preprint arXiv:1412.7659},
  year={2014}
}
@inproceedings{gens2014deep,
  title={Deep symmetry networks},
  author={Gens, Robert and Domingos, Pedro M},
  booktitle={Advances in neural information processing systems},
  pages={2537--2545},
  year={2014}
}
@article{kanazawa2014locally,
  title={Locally scale-invariant convolutional neural networks},
  author={Kanazawa, Angjoo and Sharma, Abhishek and Jacobs, David},
  journal={arXiv preprint arXiv:1412.5104},
  year={2014}
}
@inproceedings{lenc2015understanding,
  title={Understanding image representations by measuring their equivariance and equivalence},
  author={Lenc, Karel and Vedaldi, Andrea},
  booktitle={Proceedings of the IEEE conference on computer vision and pattern recognition},
  pages={991--999},
  year={2015}
}
@article{sohn2012learning,
  title={Learning invariant representations with local transformations},
  author={Sohn, Kihyuk and Lee, Honglak},
  journal={arXiv preprint arXiv:1206.6418},
  year={2012}
}
@article{ba2014multiple,
  title={Multiple object recognition with visual attention},
  author={Ba, Jimmy and Mnih, Volodymyr and Kavukcuoglu, Koray},
  journal={arXiv preprint arXiv:1412.7755},
  year={2014}
}
@inproceedings{erhan2014scalable,
  title={Scalable object detection using deep neural networks},
  author={Erhan, Dumitru and Szegedy, Christian and Toshev, Alexander and Anguelov, Dragomir},
  booktitle={Proceedings of the IEEE Conference on Computer Vision and Pattern Recognition},
  pages={2147--2154},
  year={2014}
}
@inproceedings{girshick2014rich,
  title={Rich feature hierarchies for accurate object detection and semantic segmentation},
  author={Girshick, Ross and Donahue, Jeff and Darrell, Trevor and Malik, Jitendra},
  booktitle={Proceedings of the IEEE conference on computer vision and pattern recognition},
  pages={580--587},
  year={2014}
}
@article{gregor2015draw,
  title={DRAW: A recurrent neural network for image generation},
  author={Gregor, Karol and Danihelka, Ivo and Graves, Alex and Rezende, Danilo Jimenez and Wierstra, Daan},
  journal={arXiv preprint arXiv:1502.04623},
  year={2015}
}
@article{schmidhuber1991learning,
  title={Learning to generate artificial fovea trajectories for target detection},
  author={Schmidhuber, Juergen and Huber, Rudolf},
  journal={International Journal of Neural Systems},
  volume={2},
  number={01n02},
  pages={125--134},
  year={1991},
  publisher={World Scientific}
}
@article{sermanet2014attention,
  title={Attention for fine-grained categorization},
  author={Sermanet, Pierre and Frome, Andrea and Real, Esteban},
  journal={arXiv preprint arXiv:1412.7054},
  year={2014}
}
@inproceedings{stollenga2014deep,
  title={Deep networks with internal selective attention through feedback connections},
  author={Stollenga, Marijn F and Masci, Jonathan and Gomez, Faustino and Schmidhuber, J{\"u}rgen},
  booktitle={Advances in Neural Information Processing Systems},
  pages={3545--3553},
  year={2014}
}
@inproceedings{frey2002fast,
  title={Fast, large-scale transformation-invariant clustering},
  author={Frey, Brendan J and Jojic, Nebojsa},
  booktitle={Advances in neural information processing systems},
  pages={721--727},
  year={2002}
}